@online{nro1:Online,
	author = {Gómez V.},
	title = {Archivo Situacionista Hispano},
	year = {7/11/2012 },
	howpublished = {Recuperado de: {http://www.tsc.uc3m.es/~miguel/MLG/adjuntos/VanessaRecommender.pdf}},
	note = {Accedido 07/07/19}
}

@online{nro2:Online,
	author = {Moya R.},
	title = {Sistemas de Recomendación basados en Filtrado Colaborativo (K-Vecinos)
	},
	year = {24/09/2013 },
	howpublished = {Recuperado de: {https://jarroba.com/sistemas-de-recomendacion-basados-en-filtrado-colaborativo-k-vecinos}},
	note = {Accedido 07/07/19}
}